<?xml version="1.0" encoding="UTF-8"?><collection xmlns="http://www.loc.gov/MARC21/slim"><record><leader>00414nam--2200157-i-4500</leader><controlfield tag="001">000022802</controlfield><controlfield tag="002">20161230</controlfield><controlfield tag="005">20170128001802</controlfield><controlfield tag="008">060222s1000------------r-----000-0-eng-d</controlfield><datafield ind1=" " ind2=" " tag="080"><subfield code="a">621.38.049</subfield></datafield><datafield ind1=" " ind2=" " tag="100"><subfield code="a">Integrated Circuits Handbook</subfield></datafield><datafield ind1=" " ind2=" " tag="245"><subfield code="a">Cambridge, Mass</subfield><subfield code="b">Boston Technical Publishers, Inc</subfield><subfield code="c">1966</subfield></datafield><datafield ind1=" " ind2=" " tag="300"><subfield code="a">VII + 308 p</subfield></datafield><datafield ind1=" " ind2=" " tag="700"><subfield code="a">Gibson, Robert E</subfield></datafield><datafield ind1=" " ind2=" " tag="852"><subfield code="a">28662</subfield></datafield><datafield ind1=" " ind2=" " tag="CAT"><subfield code="a">SYS</subfield><subfield code="c">20170128</subfield><subfield code="h">001802</subfield></datafield></record></collection>